@article{taschuk2017ten,
  title={Ten simple rules for making research software more robust},
  author={Taschuk, Morgan and Wilson, Greg},
  journal={PLoS computational biology},
  volume={13},
  number={4},
  year={2017},
  publisher={Public Library of Science}
}

@article{perez2016ten,
  title={Ten simple rules for taking advantage of Git and GitHub},
  author={Perez-Riverol, Yasset and Gatto, Laurent and Wang, Rui and Sachsenberg, Timo and Uszkoreit, Julian and da Veiga Leprevost, Felipe and Fufezan, Christian and Ternent, Tobias and Eglen, Stephen J and Katz, Daniel S and others},
  journal={PLoS computational biology},
  volume={12},
  number={7},
  year={2016},
  publisher={Public Library of Science}
}

@article{gentleman2004bioconductor,
  title={Bioconductor: open software development for computational biology and bioinformatics},
  author={Gentleman, Robert C and Carey, Vincent J and Bates, Douglas M and Bolstad, Ben and Dettling, Marcel and Dudoit, Sandrine and Ellis, Byron and Gautier, Laurent and Ge, Yongchao and Gentry, Jeff and others},
  journal={Genome biology},
  volume={5},
  number={10},
  pages={R80},
  year={2004},
  publisher={Springer}
}

@book{holmes2018modern,
  title = {Modern statistics for modern biology},
  author = {Holmes, Susan and Huber, Wolfgang},
  year = {2018},
  publisher = {Cambridge University Press},
  url = {https://web.stanford.edu/class/bios221/book/index.html},
}

@Manual{phonenumber,
  title = {phonenumber: Convert Letters to Numbers and Back as on a Telephone Keypad},
  author = {Steve Myles},
  year = {2015},
  note = {R package version 0.2.2},
  url = {https://CRAN.R-project.org/package=phonenumber},
}

@Manual{dplyr,
  title = {dplyr: A Grammar of Data Manipulation},
  author = {Hadley Wickham and Romain François and Lionel Henry and Kirill Müller},
  year = {2020},
  note = {R package version 0.8.5},
  url = {https://CRAN.R-project.org/package=dplyr},
}

@Manual{datatable,
  title = {data.table: Extension of `data.frame`},
  author = {Matt Dowle and Arun Srinivasan},
  year = {2019},
  note = {R package version 1.12.8},
  url = {https://CRAN.R-project.org/package=data.table},
}
