@article{taschuk2017,
  title={Ten simple rules for making research software more robust},
  author={Taschuk, Morgan and Wilson, Greg},
  journal={PLoS computational biology},
  volume={13},
  number={4},
  year={2017},
  publisher={Public Library of Science}
}

@article{perez2016,
  title={Ten simple rules for taking advantage of Git and GitHub},
  author={Perez-Riverol, Yasset and Gatto, Laurent and Wang, Rui and Sachsenberg, Timo and Uszkoreit, Julian and da Veiga Leprevost, Felipe and Fufezan, Christian and Ternent, Tobias and Eglen, Stephen J and Katz, Daniel S and others},
  journal={PLoS computational biology},
  volume={12},
  number={7},
  year={2016},
  publisher={Public Library of Science}
}

@article{gentleman2004,
  title={Bioconductor: open software development for computational biology and bioinformatics},
  author={Gentleman, Robert C and Carey, Vincent J and Bates, Douglas M and Bolstad, Ben and Dettling, Marcel and Dudoit, Sandrine and Ellis, Byron and Gautier, Laurent and Ge, Yongchao and Gentry, Jeff and others},
  journal={Genome biology},
  volume={5},
  number={10},
  pages={R80},
  year={2004},
  publisher={Springer}
}

@article{zeileis2005,
  title={CRAN task views},
  author={Zeileis, Achim},
  journal={R News},
  volume={5},
  number={1},
  pages={39--40},
  year={2005}
}

@article{peng2011,
  title={Reproducible research in computational science},
  author={Peng, Roger D},
  journal={Science},
  volume={334},
  number={6060},
  pages={1226--1227},
  year={2011},
  publisher={American Association for the Advancement of Science}
}

@article{goodman2016,
  title={What does research reproducibility mean?},
  author={Goodman, Steven N and Fanelli, Daniele and Ioannidis, John PA},
  journal={Science translational medicine},
  volume={8},
  number={341},
  pages={341ps12--341ps12},
  year={2016},
  publisher={American Association for the Advancement of Science}
}

@article{donoho2017,
  title={50 years of data science},
  author={Donoho, David},
  journal={Journal of Computational and Graphical Statistics},
  volume={26},
  number={4},
  pages={745--766},
  year={2017},
  publisher={Taylor \& Francis}
}

@article{muenchen2012,
  title={The popularity of data analysis software},
  author={Muenchen, Robert A},
  journal={URL http://r4stats.com/popularity},
  year={2012}
}

@article{hornik2012,
  title={Are there too many R packages?},
  author={Hornik, Kurt},
  journal={Austrian Journal of Statistics},
  volume={41},
  number={1},
  pages={59--66},
  year={2012}
}

@article{anderson2017,
  title={Hosting Data Packages via drat: A Case Study with Hurricane Exposure Data},
  author={Anderson, G Brooke and Eddelbuettel, Dirk},
  journal={R Journal},
  volume={9},
  number={1},
  year={2017}
}

@article{theussl2009,
  title={Collaborative Software Development Using R-Forge. Special invited paper on" The Future of R"},
  author={Theu{\ss}l, Stefan and Zeileis, Achim},
  journal={The R Journal},
  volume={1},
  number={1},
  pages={9--14},
  year={2009},
  publisher={The R Foundation for Statistical Computing}
}

@article{lang2000,
  title={The omegahat environment: New possibilities for statistical computing},
  author={Lang, Duncan Temple},
  journal={Journal of Computational and Graphical Statistics},
  volume={9},
  number={3},
  pages={423--451},
  year={2000},
  publisher={Taylor \& Francis}
}

@article{wickham2011,
  author = {Hadley Wickham},
  title = {testthat: Get Started with Testing},
  journal = {The R Journal},
  year = {2011},
  volume = {3},
  pages = {5--10},
  url = {https://journal.r-project.org/archive/2011-1/RJournal_2011-1_Wickham.pdf},
}

@article{wilson2006,
  title={Where's the real bottleneck in scientific computing?},
  author={Wilson, Gregory V},
  journal={American Scientist},
  volume={94},
  number={1},
  pages={5},
  year={2006}
}

@article{perkel2016,
  title={Democratic databases: science on GitHub},
  author={Perkel, Jeffrey},
  journal={Nature News},
  volume={538},
  number={7623},
  pages={127},
  year={2016}
}

@article{bryan2018,
  title={Excuse me, do you have a moment to talk about version control?},
  author={Bryan, Jennifer},
  journal={The American Statistician},
  volume={72},
  number={1},
  pages={20--27},
  year={2018},
  publisher={Taylor \& Francis}
}

@article{bioCproject,
  author = {W. Huber and V. J. Carey and R. Gentleman and S. Anders and M. Carlson and B. S. Carvalho and H. C. Bravo and S. Davis and L. Gatto and T. Girke and R. Gottardo and F. Hahne and K. D. Hansen and R. A. Irizarry and M. Lawrence and M. I. Love and J. MacDonald and V. Obenchain and A. K. {Ole's} and H. {Pag`es} and A. Reyes and P. Shannon and G. K. Smyth and D. Tenenbaum and L. Waldron and M. Morgan},
  title = {{O}rchestrating high-throughput genomic analysis with {B}ioconductor},
  journal = {Nature Methods},
  year = {2015},
  volume = {12},
  number = {2},
  pages = {115--121},
  url = {http://www.nature.com/nmeth/journal/v12/n2/full/nmeth.3252.html},
}

@article{stodden2013,
  title={Best practices for computational science: Software infrastructure and environments for reproducible and extensible research},
  author={Stodden, Victoria and Miguez, Sheila},
  journal={Available at SSRN 2322276},
  year={2013}
}

@inproceedings{decan2016,
  title={When GitHub meets CRAN: An analysis of inter-repository package dependency problems},
  author={Decan, Alexandre and Mens, Tom and Claes, Ma{\"e}lick and Grosjean, Philippe},
  booktitle={2016 IEEE 23rd International Conference on Software Analysis, Evolution, and Reengineering (SANER)},
  volume={1},
  pages={493--504},
  year={2016},
  organization={IEEE}
}

@inproceedings{decan2015,
  title={On the development and distribution of R packages: An empirical analysis of the R ecosystem},
  author={Decan, Alexandre and Mens, Tom and Claes, Maelick and Grosjean, Philippe},
  booktitle={Proceedings of the 2015 european conference on software architecture workshops},
  pages={1--6},
  year={2015}
}

@book{xie2016,
  title={bookdown: Authoring Books and Technical Documents with R Markdown},
  author={Xie, Yihui},
  year={2016},
  publisher={Chapman and Hall/CRC}
}

@book{holmes2018,
  title = {Modern statistics for modern biology},
  author = {Holmes, Susan and Huber, Wolfgang},
  year = {2018},
  publisher = {Cambridge University Press},
  url = {https://web.stanford.edu/class/bios221/book/index.html},
}

@book{wickham2015,
  title={R packages: organize, test, document, and share your code},
  author={Wickham, Hadley},
  year={2015},
  publisher={"O'Reilly Media, Inc."}
}

@book{wickham2019,
  title={Advanced r},
  author={Wickham, Hadley},
  year={2019},
  publisher={CRC press}
}

@book{eddelbuettel2013,
  title={Seamless R and C++ integration with Rcpp},
  author={Eddelbuettel, Dirk},
  year={2013},
  publisher={Springer}
}

@book{mcelreath2020,
  title={Statistical rethinking: A Bayesian course with examples in R and Stan},
  author={McElreath, Richard},
  year={2020},
  publisher={CRC press}
}

@misc{ellis2017, 
  title={Hey! You there! You are welcome here}, 
  url={https://ropensci.org/blog/2017/06/23/community/}, 
  journal={rOpenSci}, 
  publisher={NumFOCUS}, 
  author={Ellis, Shannon E}, 
  year={2017}, month={Jun}
}

@misc{Rcore2020,
  title={Writing R extensions},
  url={https://cran.r-project.org/doc/manuals/R-exts.html},
  publisher={The R Foundation},
  author={Team, R Core},
  year={2020}
}

@misc{Rproject2020, 
  title={The R Project for Statistical Computing}, 
  url={https://www.r-project.org/}, 
  publisher={The R Foundation}, 
  author={Team, R Core}, 
  year={2020}
}

@misc{smith2017, 
  title={The R community is one of R's best features}, 
  url={https://blog.revolutionanalytics.com/2017/06/r-community.html}, 
  journal={Revolutions}, 
  publisher={Microsoft}, 
  author={Smith, David}, 
  year={2017}, month={Jun}
}

@misc{robinson2017, 
  title={The Impressive Growth of R}, 
  url={https://stackoverflow.blog/2017/10/10/impressive-growth-r/}, 
  publisher={Stack Overflow}, 
  author={Robinson, David}, 
  year={2017}, month={Oct}
}

@misc{rickert2018, 
  title={What makes a great R package?}, 
  url={https://rstudio.com/resources/rstudioconf-2018/what-makes-a-great-r-package-joseph-rickert/}, 
  publisher={RStudio}, 
  author={Rickert, Joseph}, 
  year={2018}, month={Feb}
}

@misc{parker2013, 
  title={Personal R Packages}, 
  url={https://hilaryparker.com/2013/04/03/personal-r-packages/}, 
  author={Parker, Hilary}, 
  year={2013}, month={Apr}
}

@misc{leek2015,
  title={How I decide when to trust an R package},
  url={https://simplystatistics.org/2015/11/06/how-i-decide-when-to-trust-an-r-package/},
  author={Leek, Jeff},
  year={2015}
}

@misc{chase2020,
  title={Dataviz and the 20th Anniversary of R, an Interview With Hadley Wickham},
  url={https://medium.com/nightingale/dataviz-and-the-20th-anniversary-of-r-an-interview-with-hadley-wickham-ea245078fc8a},
  publisher = {Medium},
  author={Chase, Will},
  year={2020}
}

@misc{Rmail2020,
  title={Mailing Lists},
  url={https://www.r-project.org/mail.html},
  publisher = {The R Foundation},
  author={Team, R Core},
  year={2020}
}

@misc{cranpolicy2020,
  title={CRAN Repository Policy},
  url={https://cran.r-project.org/web/packages/policies.html#Submission},
  publisher = {The R Foundation},
  year={2020}
}

@misc{biocpkgsub2020,
  title={Package Submission},
  url={https://www.bioconductor.org/developers/package-submission/},
  publisher = {Bioconductor},
  year={2020}
}

@misc{ropensci2020,
  title={Transforming science through open data and software},
  url={https://ropensci.org/},
  publisher = {rOpenSci},
  year={2020}
}

@misc{hester2020,
  title={How does covr work anyway?},
  author={Jim Hester},
  url={https://cran.r-project.org/web/packages/covr/vignettes/how_it_works.html},
  publisher = {The R Foundation},
  year={2020}
}

@misc{barts2018,
  title={How to use GitHub badges to stop feeling like a noob},
  author={Cam Barts},
  url={https://www.freecodecamp.org/news/how-to-use-badges-to-stop-feeling-like-a-noob-d4e6600d37d2/},
  publisher = {freeCodeCamp},
  year={2018}
}

@misc{ushey2020,
  title={RStudio 1.3 Preview: Integrated Tutorials},
  author={Kevin Ushey},
  url={https://blog.rstudio.com/2020/02/25/rstudio-1-3-integrated-tutorials/},
  publisher = {RStudio},
  year={2020}
}

@misc{smith2014,
  title={Improving GitHub for science},
  author={Arfon Smith},
  url={https://github.blog/2014-05-14-improving-github-for-science/},
  publisher = {GitHub, Inc.},
  year={2014}
}

@misc{vannoorenberghe2017,
  title={RDocumentation: Scoring and Ranking},
  author={Ludovic Vannoorenberghe},
  url={https://www.datacamp.com/community/blog/rdocumentation-ranking-scoring},
  publisher = {DataCamp},
  year={2017}
}

@misc{broman2020,
  title={Getting your R package on CRAN},
  author={Karl Broman},
  url={https://kbroman.org/pkg_primer/pages/cran.html},
  year={2020}
}

@misc{bioconductor,
  title={Bioconductor: Open source software for bioinformatics},
  url={https://www.bioconductor.org/},
  publisher = {Bioconductor},
  year={2020}
}

@misc{falcon2007,
  title={An introduction to bioconductor’s expressionset class},
  author={Falcon, Seth and Morgan, Martin and Gentleman, Robert},
  year={2007}
}

@misc{rdocumentation,
  title={RDocumentation},
  url={https://www.rdocumentation.org/},
  publisher = {DataCamp Inc.},
  year={2020}
}

@misc{packagemetricsblog, 
  title={packagemetrics - Helping you choose a package since runconf17}, 
  url={https://ropensci.org/blog/2017/06/27/packagemetrics/}, 
  publisher={rOpenSci}, 
  author={Becca Krouse, Erin Grand, Hannah Frick, Lori Shepherd, Sam Firke, William Ampeh}, 
  year={2017}, month={June}
}

@misc{pkgdownweb,
  title={pkgdown},
  author={Hadley Wickham and Jay Hesselberth},
  url={https://pkgdown.r-lib.org/},
  publisher = {RStudio},
  year={2018}
}

@misc{githubdocs,
  title={GitHub Docs},
  url={https://docs.github.com/en},
  publisher = {GitHub, Inc.},
  year={2020}
}

@Manual{phonenumber,
  title = {phonenumber: Convert Letters to Numbers and Back as on a Telephone Keypad},
  author = {Steve Myles},
  year = {2015},
  note = {R package version 0.2.2},
  url = {https://CRAN.R-project.org/package=phonenumber},
}

@Manual{dplyr,
  title = {dplyr: A Grammar of Data Manipulation},
  author = {Hadley Wickham and Romain François and Lionel Henry and Kirill Müller},
  year = {2020},
  note = {R package version 0.8.5},
  url = {https://CRAN.R-project.org/package=dplyr},
}

@Manual{tidyr,
  title = {tidyr: Tidy Messy Data},
  author = {Hadley Wickham and Lionel Henry},
  year = {2020},
  note = {R package version 1.0.2},
  url = {https://CRAN.R-project.org/package=tidyr},
}

@Manual{broman,
  title = {broman: Karl Broman's R Code},
  author = {Karl W Broman},
  year = {2020},
  note = {R package version 0.70-4},
  url = {https://CRAN.R-project.org/package=broman},
}

@Manual{Hmisc,
  title = {Hmisc: Harrell Miscellaneous},
  author = {Frank E {Harrell Jr} and with contributions from Charles Dupont and many others.},
  year = {2020},
  note = {R package version 4.3-1},
  url = {https://CRAN.R-project.org/package=Hmisc},
}

@Manual{bookdown,
  title = {bookdown: Authoring Books and Technical
  Documents with R Markdown},
  author = {Yihui Xie},
  year = {2020},
  note = {R package version 0.18},
  url = {https://CRAN.R-project.org/package=bookdown},
}

@Manual{devtools,
  title = {devtools: Tools to Make Developing R Packages Easier},
  author = {Hadley Wickham and Jim Hester and Winston Chang},
  year = {2020},
  note = {R package version 2.2.2},
  url = {https://CRAN.R-project.org/package=devtools},
}

@Manual{drat,
  title = {drat: 'Drat' R Archive Template},
  author = {Dirk Eddelbuettel with contributions by Carl Boettiger and Neal Fultz and Sebastian Gibb and Colin Gillespie and Jan Górecki and Matt Jones and Thomas Leeper and Steven Pav and Jan Schulz and Christoph Stepper and Felix G.M. Ernst.},
  year = {2020},
  note = {R package version 0.1.6},
  url = {https://CRAN.R-project.org/package=drat},
}

@Manual{usethis,
  title = {usethis: Automate Package and Project Setup},
  author = {Hadley Wickham and Jennifer Bryan},
  year = {2019},
  note = {R package version 1.5.1},
  url = {https://CRAN.R-project.org/package=usethis},
}

@Manual{packagemetrics,
  title = {packagemetrics: A Package for Helping You Choose Which Package to Use},
  author = {Sam Firke and Becca Krouse and Erin Grand and Lori Shepherd and William Ampeh and Hannah Frick},
  year = {2017},
  note = {R package version 0.0.1.9001},
  url = {https://github.com/ropenscilabs/packagemetrics},
}

@article{testthat,
  author = {Hadley Wickham},
  title = {testthat: Get Started with Testing},
  journal = {The R Journal},
  year = {2011},
  volume = {3},
  pages = {5--10},
  url = {https://journal.r-project.org/archive/2011-1/RJournal_2011-1_Wickham.pdf},
  }
  
@Manual{roxygen2,
  title = {roxygen2: In-Line Documentation for R},
  author = {Hadley Wickham and Peter Danenberg and Gábor Csárdi and Manuel Eugster},
  year = {2020},
  note = {R package version 7.1.0},
  url = {https://CRAN.R-project.org/package=roxygen2},
}

@Manual{rlang,
  title = {rlang: Functions for Base Types and Core R and 'Tidyverse' Features},
  author = {Lionel Henry and Hadley Wickham},
  year = {2020},
  note = {R package version 0.4.5},
  url = {https://CRAN.R-project.org/package=rlang},
}

@Manual{covr,
  title = {covr: Test Coverage for Packages},
  author = {Jim Hester},
  year = {2020},
  note = {R package version 3.5.0},
  url = {https://CRAN.R-project.org/package=covr},
}

@Article{tidyverse,
  title = {Welcome to the {tidyverse}},
  author = {Hadley Wickham and Mara Averick and Jennifer Bryan and Winston Chang and Lucy D'Agostino McGowan and Romain François and Garrett Grolemund and Alex Hayes and Lionel Henry and Jim Hester and Max Kuhn and Thomas Lin Pedersen and Evan Miller and Stephan Milton Bache and Kirill Müller and Jeroen Ooms and David Robinson and Dana Paige Seidel and Vitalie Spinu and Kohske Takahashi and Davis Vaughan and Claus Wilke and Kara Woo and Hiroaki Yutani},
  year = {2019},
  journal = {Journal of Open Source Software},
  volume = {4},
  number = {43},
  pages = {1686},
  doi = {10.21105/joss.01686},
}

@Article{randomforest,
  title = {Classification and Regression by randomForest},
  author = {Andy Liaw and Matthew Wiener},
  journal = {R News},
  year = {2002},
  volume = {2},
  number = {3},
  pages = {18-22},
  url = {https://CRAN.R-project.org/doc/Rnews/},
}

@Manual{broom,
  title = {broom: Convert Statistical Analysis Objects into Tidy Tibbles},
  author = {David Robinson and Alex Hayes},
  year = {2020},
  note = {R package version 0.5.5},
  url = {https://CRAN.R-project.org/package=broom},
}

@Manual{biobroom,
  title = {biobroom: Turn Bioconductor objects into tidy data frames},
  author = {Andrew J. Bass, David G. Robinson, Steve Lianoglou, Emily Nelson, John D. Storey, with contributions from Laurent Gatto},
  year = {2020},
  note = {R package version 1.20.0},
  url = {https://github.com/StoreyLab/biobroom},
}

@Manual{caret,
  title = {caret: Classification and Regression Training},
  author = {Max Kuhn},
  year = {2020},
  note = {R package version 6.0-86},
  url = {https://CRAN.R-project.org/package=caret},
}

@Manual{rayshader,
  title = {rayshader: Create Maps and Visualize Data in 2D and 3D},
  author = {Tyler Morgan-Wall},
  year = {2020},
  note = {R package version 0.19.2},
  url = {https://CRAN.R-project.org/package=rayshader},
}

@Manual{mailR,
  title = {mailR: A Utility to Send Emails from R},
  author = {Rahul Premraj},
  year = {2015},
  note = {R package version 0.4.1},
  url = {https://CRAN.R-project.org/package=mailR},
}

@Manual{twitteR,
  title = {twitteR: R Based Twitter Client},
  author = {Jeff Gentry},
  year = {2015},
  note = {R package version 1.1.9},
  url = {https://CRAN.R-project.org/package=twitteR},
}

@Manual{naniar,
  title = {naniar: Data Structures, Summaries, and Visualisations for Missing Data},
  author = {Nicholas Tierney and Di Cook and Miles McBain and Colin Fay},
  year = {2020},
  note = {R package version 0.5.2},
  url = {https://CRAN.R-project.org/package=naniar},
}

@Manual{pkgdown,
  title = {pkgdown: Make Static HTML Documentation for a Package},
  author = {Hadley Wickham and Jay Hesselberth},
  year = {2020},
  note = {R package version 1.5.1},
  url = {https://CRAN.R-project.org/package=pkgdown},
}

@Manual{learnr,
  title = {learnr: Interactive Tutorials for R},
  author = {Barret Schloerke and JJ Allaire and Barbara Borges},
  year = {2020},
  note = {R package version 0.10.1},
  url = {https://CRAN.R-project.org/package=learnr},
}

@Article{valr,
  title = {valr: Reproducible Genome Interval Arithmetic in R},
  year = {2017},
  author = {Kent A. Riemondy and Ryan M. Sheridan and Austin Gillen and Yinni Yu and Christopher G. Bennett and Jay R. Hesselberth},
  journal = {F1000Research},
  doi = {10.12688/f1000research.11997.1},
}

@Article{TransPhylo,
  title = {Genomic infectious disease epidemiology in partially sampled and ongoing outbreaks},
  author = {{Didelot} and {Xavier} and {Fraser} and {Christophe} and {Gardy} and {Jennifer} and {Colijn} and {Caroline}},
  journal = {Molecular Biology and Evolution},
  doi = {10.1093/molbev/msw275},
  pages = {997--1007},
  url = {https://academic.oup.com/mbe/article/34/4/997/2919386},
  volume = {34},
  year = {2017},
}

@software{ropenscidev2020,
  author       = {rOpenSci and
                  Brooke Anderson and
                  Scott Chamberlain and
                  Anna Krystalli and
                  Lincoln Mullen and
                  Karthik Ram and
                  Noam Ross and
                  Maëlle Salmon and
                  Melina Vidoni},
  title        = {ropensci/dev\_guide: Fourth release},
  month        = apr,
  year         = 2020,
  publisher    = {Zenodo},
  version      = {0.4.0},
  doi          = {10.5281/zenodo.3749013},
  url          = {https://doi.org/10.5281/zenodo.3749013}
}

@article{weathermetrics,
  title = {Methods to calculate the heat index as an exposure metric in environmental health research},
  author = {G. Brooke Anderson and Michelle L. Bell and Roger D. Peng},
  journal = {Environemtental Health Perspectives},
  year = {2013},
  volume = {121},
  number = {10},
  pages = {1111-1119},
  url = {http://ehp.niehs.nih.gov/1206273/},
}
  
@Article{sf,
  author = {Edzer Pebesma},
  title = {{Simple Features for R: Standardized Support for Spatial Vector Data}},
  year = {2018},
  journal = {{The R Journal}},
  doi = {10.32614/RJ-2018-009},
  url = {https://doi.org/10.32614/RJ-2018-009},
  pages = {439--446},
  volume = {10},
  number = {1},
}

